<record><leader>01901cas a2200493 i 4500</leader><controlfield tag="001">on1048258959</controlfield><controlfield tag="003">OCoLC</controlfield><controlfield tag="005">20220316120949.0</controlfield><controlfield tag="006">m     o  d        </controlfield><controlfield tag="007">cr |||||||||||</controlfield><controlfield tag="008">180809c19879999orusr p s     0   a0eng c</controlfield><datafield ind1=" " ind2=" " tag="010"><subfield code="a">  2018252080</subfield></datafield><datafield ind1=" " ind2=" " tag="040"><subfield code="a">WAU</subfield><subfield code="b">eng</subfield><subfield code="e">rda</subfield><subfield code="e">pn</subfield><subfield code="c">WAU</subfield><subfield code="d">OCLCF</subfield></datafield><datafield ind1=" " ind2=" " tag="022"><subfield code="y">0894-444X</subfield></datafield><datafield ind1=" " ind2=" " tag="035"><subfield code="a">(OCoLC)1048258959</subfield></datafield><datafield ind1=" " ind2=" " tag="042"><subfield code="a">pcc</subfield></datafield><datafield ind1=" " ind2=" " tag="043"><subfield code="a">n-us-or</subfield><subfield code="a">n-us-wa</subfield></datafield><datafield ind1="1" ind2="4" tag="050"><subfield code="a">HD6517.O7</subfield></datafield><datafield ind1=" " ind2=" " tag="049"><subfield code="a">ORUM</subfield></datafield><datafield ind1="0" ind2="0" tag="245"><subfield code="a">Northwest labor press.</subfield></datafield><datafield ind1="3" ind2=" " tag="246"><subfield code="a">Labor press</subfield></datafield><datafield ind1=" " ind2="1" tag="264"><subfield code="a">Portland , Ore. :</subfield><subfield code="b">Oregon Labor Press Publishing Company</subfield></datafield><datafield ind1=" " ind2=" " tag="300"><subfield code="a">1 online resource</subfield></datafield><datafield ind1=" " ind2=" " tag="310"><subfield code="a">Semimonthly</subfield></datafield><datafield ind1=" " ind2=" " tag="336"><subfield code="a">text</subfield><subfield code="b">txt</subfield><subfield code="2">rdacontent</subfield></datafield><datafield ind1=" " ind2=" " tag="337"><subfield code="a">computer</subfield><subfield code="b">c</subfield><subfield code="2">rdamedia</subfield></datafield><datafield ind1=" " ind2=" " tag="338"><subfield code="a">online resource</subfield><subfield code="b">cr</subfield><subfield code="2">rdacarrier</subfield></datafield><datafield ind1="1" ind2=" " tag="362"><subfield code="a">Print began with: Vol. 88, no. 9 (May 1, 1987).</subfield></datafield><datafield ind1=" " ind2=" " tag="588"><subfield code="a">Description based on: Volume 109, number 1 (January 4, 2008); title from caption PDF (UW Researchworks, viewed August 9, 2018).</subfield></datafield><datafield ind1=" " ind2=" " tag="588"><subfield code="a">Latest issue consulted: Volume 118, number 24 (December 15, 2017) (UW Researchworks, viewed August 9, 2018).</subfield></datafield><datafield ind1=" " ind2="0" tag="650"><subfield code="a">Labor unions</subfield><subfield code="z">Oregon</subfield><subfield code="v">Periodicals.</subfield></datafield><datafield ind1=" " ind2="0" tag="650"><subfield code="a">Labor unions</subfield><subfield code="z">Washington (State)</subfield><subfield code="v">Periodicals.</subfield></datafield><datafield ind1=" " ind2="0" tag="650"><subfield code="a">Working class</subfield><subfield code="z">Oregon</subfield><subfield code="v">Periodicals.</subfield></datafield><datafield ind1=" " ind2="0" tag="650"><subfield code="a">Working class</subfield><subfield code="z">Washington (State)</subfield><subfield code="v">Periodicals.</subfield></datafield><datafield ind1=" " ind2="7" tag="650"><subfield code="a">Labor unions.</subfield><subfield code="2">fast</subfield><subfield code="0">(OCoLC)fst00990260</subfield></datafield><datafield ind1=" " ind2="7" tag="650"><subfield code="a">Working class.</subfield><subfield code="2">fast</subfield><subfield code="0">(OCoLC)fst01180418</subfield></datafield><datafield ind1=" " ind2="7" tag="651"><subfield code="a">Oregon.</subfield><subfield code="2">fast</subfield><subfield code="0">(OCoLC)fst01204579</subfield></datafield><datafield ind1=" " ind2="7" tag="651"><subfield code="a">Washington (State)</subfield><subfield code="2">fast</subfield><subfield code="0">(OCoLC)fst01204703</subfield></datafield><datafield ind1=" " ind2="7" tag="655"><subfield code="a">Periodicals.</subfield><subfield code="2">lcgft</subfield></datafield><datafield ind1=" " ind2="7" tag="655"><subfield code="a">Periodicals.</subfield><subfield code="2">fast</subfield><subfield code="0">(OCoLC)fst01411641</subfield></datafield><datafield ind1="0" ind2="8" tag="776"><subfield code="i">Print version:</subfield><subfield code="t">Northwest labor press</subfield><subfield code="x">0894-444X</subfield><subfield code="w">(DLC)sn 87003584</subfield><subfield code="w">(OCoLC)15712350</subfield></datafield><datafield ind1="0" ind2="0" tag="780"><subfield code="t">Oregon/Washington labor press</subfield></datafield><datafield ind1="4" ind2="0" tag="856"><subfield code="u">https://digital.lib.washington.edu/researchworks/handle/1773/42568</subfield></datafield><datafield ind1=" " ind2=" " tag="994"><subfield code="a">C0</subfield><subfield code="b">ORU</subfield></datafield></record>